@article{godelIncompletenessHilbert,
  author       = {Juliet Floyd},
  title        = {Did the Incompleteness Theorems Refute Hilbert's Program?},
  journal      = {The Stanford Encyclopedia of Philosophy},
  editor       = {Edward N. Zalta},
  year         = {2023},
  url          = {https://plato.stanford.edu/entries/goedel/incompleteness-hilbert.html},
  note         = {Fall 2023 Edition}
}

@article{Turing1937,
  author       = {Turing, Alan M.},
  title        = {On Computable Numbers, with an Application to the Entscheidungsproblem},
  journal      = {Proceedings of the London Mathematical Society},
  year         = {1937},
  volume       = {s2-42},
  number       = {1},
  pages        = {230--265},
  doi          = {10.1112/plms/s2-42.1.230},
  url          = {https://londmathsoc.onlinelibrary.wiley.com/doi/abs/10.1112/plms/s2-42.1.230}
}

@book{church1985calculi,
  title        = {The Calculi of Lambda-Conversion},
  author       = {Church, Alonzo},
  year         = 1985,
  publisher    = {Princeton University Press},
  address      = {Princeton},
  series       = {Annals of Mathematics Studies},
  volume       = {6},
  doi          = {10.1515/9781400881932},
  url          = {https://doi.org/10.1515/9781400881932}
}

@article{Smullyan1969,
  author  = {Raymond M. Smullyan},
  title   = {Elementary Formal Systems},
  journal = {Journal of Symbolic Logic},
  year    = {1969},
  volume  = {34},
  number  = {1},
  pages   = {117--117},
  doi     = {10.2307/2270998},
  url     = {https://philpapers.org/rec/SMUEFS}
}

@article{Post1943,
  author = {Emil L. Post},
  title = {Formal Reductions of the General Combinatorial Decision Problem},
  journal = {American Journal of Mathematics},
  volume = {65},
  number = {2},
  pages = {197--215},
  year = {1943},
  doi = {10.2307/2371809},
  url = {https://doi.org/10.2307/2371809}
}

@online{churchTuring,
  author    = {Jack Copeland and Tobias Milz and Giovanni Sommaruga},
  title     = {The Church-Turing Thesis},
  year      = {2023},
  url       = {https://plato.stanford.edu/entries/church-turing/},
  note      = {First published Wed Jan 8, 1997; substantive revision Mon Dec 18, 2023},
  publisher = {Stanford Encyclopedia of Philosophy},
}

@book{kleeneMetamathematics,
  author       = {Stephen Cole Kleene},
  title        = {Introduction to Metamathematics},
  year         = {1952},
  publisher    = {North-Holland Publishing Company},
  address      = {Amsterdam},
  note         = {Reprinted by Ishi Press, 2009}
}

@book{nystrom2021crafting,
  author    = {Robert Nystrom},
  title     = {Crafting Interpreters},
  year      = {2021},
  publisher = {Genever Benning},
  address   = {United States},
  url       = {https://craftinginterpreters.com/},
}

@book{torczon2011engineering,
  title     = {Engineering a Compiler},
  author    = {Keith D. Cooper and Linda Torczon},
  year      = {2011},
  publisher = {Elsevier},
  edition   = {2nd},
  address   = {Amsterdam},
  isbn      = {978-0-12-088478-0}
}

@inproceedings{adams2014indentation,
  title     = {Indentation-Sensitive Parsing for Parsec},
  author    = {Michael D. Adams and Ömer S. Ağacan},
  booktitle = {Proceedings of the 2014 ACM SIGPLAN Symposium on Haskell},
  series    = {Haskell '14},
  year      = {2014},
  pages     = {121--132},
  publisher = {ACM},
  address   = {New York, NY, USA},
  doi       = {10.1145/2633357.2633369},
}

@article{wirth1977WSN,
    author = {Wirth, Niklaus},
    title = {What can we do about the unnecessary diversity of notation for syntactic definitions?},
    month = nov,
    year = {1977},
    publisher = {Association for Computing Machinery},
    address = {New York, NY, USA},
    volume = {20},
    number = {11},
    issn = {0001-0782},
    doi = {10.1145/359863.359883},
    journal = {Commun. ACM},
    pages = {822–823},
    numpages = {2},
    keywords = {extended BNF, syntactic description language}
}

@article{Cook2004,
  author  = {Matthew Cook},
  title   = {Universality in Elementary Cellular Automata},
  journal = {Complex Systems},
  volume  = {15},
  number  = {1},
  pages   = {1--40},
  year    = {2004},
  doi     = {10.25088/ComplexSystems.15.1.1},
  url     = {https://www.complex-systems.com/abstracts/v15_i01_a01/}
}

@online{implicit_line_joining,
  title   = {Implicit Line Joining},
  Author = {Python Software Foundation},
  url     = {https://docs.python.org/3/reference/lexical_analysis.html#implicit-line-joining},
  note    = {Acessado em 31 de dezembro de 2024}
}

@online{blank_lines,
  title   = {Blank Lines},
  Author = {Python Software Foundation},
  url     = {https://docs.python.org/3/reference/lexical_analysis.html#blank-lines},
  note    = {Acessado em 31 de dezembro de 2024}
}

@online{tab_error,
  title   = {TabError},
  Author = {Python Software Foundation},
  url     = {https://docs.python.org/3/library/exceptions.html#TabError},
  note    = {Acessado em 31 de dezembro de 2024}
}

@online{indentation,
  title   = {Indentation},
  Author = {Python Software Foundation},
  url     = {https://docs.python.org/3/reference/lexical_analysis.html#indentation},
  note    = {Acessado em 31 de dezembro de 2024}
}

@online{iterator_next,
  title   = {Iterator next},
  Author = {Python Software Foundation},
  url     = {https://docs.python.org/3/library/stdtypes.html#iterator.__next__},
  note    = {Acessado em 31 de dezembro de 2024}
}

@misc{pcre_syntax,
  author = {PCRE Development Team},
  title = {PCRE Regular Expression Syntax},
  url = {https://www.pcre.org/original/doc/html/pcresyntax.html},
  note = {Accessed: 2025-01-16}
}